@book{eisenbudcommutative,
    shorthand   = {Eisenbud},
    title       = {Commutative Algebra: With a View Toward Algebraic Geometry},
    author      = {Eisenbud, D.},
    isbn        = {9780387942698},
    lccn        = {94017351},
    series      = {Graduate Texts in Mathematics},
    url         = {https://books.google.com/books?id=Fm\_yPgZBucMC},
    year        = {1995},
    publisher   = {Springer}
}

@book{hartshorne,
    shorthand   = {Hartshorne},
    title       = {Algebraic Geometry},
    author      = {Hartshorne, R.},
    isbn        = {9781475738490},
    series      = {Graduate Texts in Mathematics},
    url         = {https://books.google.com/books?id=7z4mBQAAQBAJ},
    year        = {2013},
    publisher   = {Springer New York}
}

@misc{stacks,
    shorthand       = {Stacks},
    author          = {The {Stacks Project Authors}},
    title           = {\textit{Stacks Project}},
    howpublished    = {\url{https://stacks.math.columbia.edu}},
    year            = {2020},
}

@book{cox-ideals,
	address = {New York},
	edition = {3rd ed},
	series = {Undergraduate texts in mathematics},
	title = {Ideals, varieties, and algorithms: an introduction to computational algebraic geometry and commutative algebra},
	isbn = {978-0-387-35650-1 978-0-387-35651-8},
	shorttitle = {Ideals, varieties, and algorithms},
	language = {en},
	publisher = {Springer},
	author = {Cox, David A. and Little, John B. and O'Shea, Donal},
	year = {2007},
	keywords = {algebra, algebraic geometry, commutative algebra},
	file = {Cox, Little - Ideals, varieties, and algorithms - an introduction to computational algebraic geometry and commutative algebra.pdf:/home/jas/Documents/Textbooks/Algebra/Commutative Algebra/Cox, Little - Ideals, varieties, and algorithms - an introduction to computational algebraic geometry and commutative algebra.pdf:application/pdf},
}
